0119601339D7F87C68DD154AEC80956260E:6
01A9CA4100B2ABF89C621D472AC016235E1:3
0262881F82F33E1BD75DD4D21DAA3AA09CB:1
0324F1E62475DDC0D785EAAB3EC0B7976CB:2
033542A2E5BC03E44A62A86074AA7C39DAE:2
038EEAFEAB7D5C6A636E63CC3D4267ED294:18
0392291D59ECFFB54EE7C4BE2E7A057FEEC:1
03B6FDC7654820240175DA12A57A03E1D87:11
043193C8A48C06CDDF5FA9079B3723B6251:3
04595E3709D0351936E6FEADE5D4F940B18:5
04BD965C558B9E5D024E95D7ECEB4C4B282:2
06C9C76948B9FB9B534243A556638B0F56F:10
06D2ADE4823655500E5B34B17EA33817AC3:2
06EFA50220A81FE5AADC0CB2BB727BB5737:1
06F01D415BD243DBFD0EB23039FFB055887:5
072AF0A5E401B4632266C306FDD9B808492:2
07A22ACAAE82723F515C7C60FA2AD9B7855:2
08DB9294659848B3F2318442BB5BBE88319:3
092E3EF8D108745F67A85355E52A79AD16D:2
094F911635C5AA67FF95155A2A027F78839:3
096267F9A74617E325B0FFD5023767D466D:1
098A6F3A45D35262631B5CD0AEC70FF45A8:4
0992FE61B6849BEE68B7D505E981AE7EEC4:2
09CDA40920B25015ECAE7094F7C5CF894A4:1
0A923532ED1123CF6CFB15B69C9DED2A89E:4
0B261A6CF22BAB3DA669CE211B8CA565953:3
0BCA6DA237052DED3A647174333A2B310E6:1
0BD7C9B4A3A7CFA65C75AA4ECB9EB5A8060:17
0CC10CD1EDED2F8B4391CDD957B10CFA132:1
0D0D58A3EA540016F4617555327D0F06621:1
0D48960D57B0A8AC47C11304D3398377E88:1
0E18A15BE68EBACDB0E09E8B13B02AFC46F:1
10473C7CA70D2492E272352341CBBEEBA96:3
105FBC16278014573F1E449C64956D19C62:3
1078C89006953287AC3129A5204BDD7341C:1
10B057059FE06A9C9F180FBC916ACD27A76:5
10D85A052F3C5334A45383F1187B437CE0B:3
115BF11394AB4359886B89592E08B82F35F:1
118D42BDFB6730950986F9D9D2E629B3E8A:1
11ACF7C33D6800A11ED4D34C63E4514C555:2
12783A5D165BEA2287477C8D5AC3A3188CB:2
13B0DFF8B5E198E351F9BF787CDC757D7FC:2
13CE128395371F9EF3C61068706A8B9BE4A:1
13FF3D265B31EB03362D299AD0FE9FA97EF:1
14882455853E7484DDA48B4BAA396023BF9:5
1579214EC3170F9063324A4AFDFDD40C19B:3
15D0AFFC2E62CA1A797545FDA2275FA556B:1
165CA3D6FA614912D317AB05D2541A09D58:12
173ADD78C69015EAE3F25B35BD6A7AF05B0:5
173D5245E7DBEB4F16143F7A1B9EED0B898:12
182AECEC9FD998409D21AA1D16536441E12:1
185D9F557E4B8841DE5D9CB9B62D8F8947A:7
186BE218B10CCBE3CAE96858CEE6501A4D2:1
189319B6E8A7CD38E5D69FAAE28EDB13702:2
18B433836404A480DFB7E243CCF20D0556C:8
18D3B3D159050801F92228E7FEE81C87C67:2
18EE3CD854B6A4A7C196F7D374CE7BFF743:2
19A1B895D537AA983E445A827DD39474BEF:4
19EB0C4B542A6E0C3BDBBF2D01060A5DC25:4
1AC4FCDB52B02B01FAF725A58EC95014820:1
1AFA50753F1F1A833CDAF5F191F3E09DED5:1
1B3786D9A862E31878375C0F770206336DE:4
1B80873EAFEB0BB4DDD7607A93BB0DE41A5:4
1C4B49616AAA9098BE3CDB143D9BEE2EDA7:4
1CE40A914D1D1EB83E16484233466824416:7
1D43B4E56C40771DB011728B149DB1C182B:1
1E1EB567EC18E1EB44FF137E3F19C0B5F7C:3
1E5352EEB9D12CC5BEC8BA8135150AFC1FB:1
1E7BDA0D7ABDC7C4F2458670D797EE521A3:2
1F31E60EAA3D76A0AB0EF5D726D94944B34:4
1F722FF495DAEF7661708B817D3158724FD:1
1FFB9D31A98441BE001E09E0217E84E8BE7:2
203FED686E714AF7F9032015487E530386B:2
20B7637D007D582B2060083F81310ADF076:1
21047B00B6493C235AE07BD4E95EA061D17:2
21317E44A89CFC4C6CB9641F4348151A0C0:2
217C2CC4221F16FF166AF7038047861CE0B:3
21D4140D06F2A6D522BA3BAC737B3C85F34:3
21DD80FBD5C60F4C6ED993F38E3370BF1CF:1
22D10E8AA060BF930A61DBC2EEC5F5D7900:2
232EED454677C8A87A5E64D81668943348F:3
23C9E6CAC65F2CE60F448EDB49BBB8172CD:55
23EF91662FADAAD0EACE4C5AA5AF6A47AD4:3
2409BAEA04F14AE5C026C977C9F7B81633D:4
2485957E67BAAC6E376561C7105583443CF:13
24C6977B44E3AC2F32875B4C17868C44467:2
255A34CAAF36B7D1BEA309AAA8D36A7A27F:1
258363F1C728B1EC48E2685E2F3912FA511:1
25B6AC2C4CDE8FBF74DBAF38A113CB6B1BC:5
25E4F6A3F126987188FA828636A0E1185BC:2
26404CDDF3BB2D3EDDA87E62A23A77F639F:2
281DFA98A1D713D98ABD78D8C73DAE0A15F:2
2824EA92722340593792080583AD08E1CE6:2
288E72939B8408B8336E4A7BC6770705E08:3
29BDD2C75FA097DD98BB0799BAC24D62B6E:2
2A29E407BBE2FF4BACDD3B1B5401FCE90A1:1
2A6F2E2D9FF293CEF15755D441FFB407FFC:2
2AB76710611E8F0276D0EABAAA0AB69856A:1
2B047C2A8EF074AF43DD1A4309465213BD5:2
2C1E8B406CEEC66ED332224F18BA174FEBF:56
2CD5E4092843AB354C92D3EFE39F986ADC3:1
2CE3830938C9A40797A8E3A6859AFA3B050:2
2D2809266F9F4EF1DC6B69B444E4CD17873:1
2DB9ABFECA37B03D354EFCA83FF5DA1B700:1
2E9EDFF5FEB860C26C5B256EC96C020A18A:3
2F3BA3B54901486B8D133D0D796934A155F:1
2F420207DA8D73578F045093ED9B45223DC:1
307A136E4E3C14F5E4A6E11155623361FD7:1
30A9B354FDB88250B63E69A7C54BBD99994:3
31E0F104B99047749A7222CC928F5C751FA:6
321A42938E0D27DEBECF015B3A6761846D1:3
32534A696B5F22AFBB7C549C9BD97A72D44:1
32760B157FEED9BCB2DBBBB3C229AA61009:1
32FCA35492EE865D92751829092AAEE6B9C:1
352DAB368AF76A6AB179D77AFD034DB4CDF:1
354132E9B0B17460F7CC6783DF7E1238135:3
36AAD2E966CE43927DCB94DC583BCEA4A15:1
37458668423981F882C5C3DCB0F616867FB:1
389EFBC493F3398BC4FB8FC772B3D7F37EB:5
3958AE10935A01EE33EF8703B8D494C6140:1
39A62727D94EEC86F1D109F9C4DFA1EEEC2:1
39AD4A660F59474EE8791A9157E6237DBC5:2
3AD47562BEADAAD4A53A8868BB6A283484E:1
3AF2085B1D89C003A8FF55BAF5D82DBE680:1
3BDA07007D83D24AD18219939F47F59B0A1:20
3C3822AC3AEBF3BE0B033998F90E54B42DA:2
3C4F652E30426B61737A142B5E81DFFA95D:3
3D776DC6948B0CABA59D88B2450CE926658:76
3D88326D073986D961C60F6F0E17D409465:2
3DBE432526C9C9A5CE3C17B5BBA9A3228A1:1
3DFF53F0E1263FAF7031165133727545BB2:6
3E124E322FD5AC0D9641980381211416732:4
3E14CD3E1AA8AD0FFD5398D42AF914CC11F:3
3EA234D17C85C8731071173409E69721893:1
3EB07CD0D90057D55C8BE1DAE22B8ABBEB1:1
3F04300643A5677D7055E08B01550BCB110:2
3F2CC9A2DCA533832116897434C3AFA740D:4
3F8B34B62242E55D822C2AD21336CC3B13D:1
3FF313E745D2F4B1C95FB6F2988AEFA5F77:1
4060651FFF4C282184B6CBB40D3F27E6972:1
4086729CF784AAAD5490C5EAA8A0908F274:21
4108B94BC73B3607DDDC8514ABCEDD2202D:2
417DFBDEE9C06C53176F29A8CC1FC8B025D:2
41B142E81D5A9AF5AE747B29BDA80E19DB8:4
41CC4948B7AB99F975B15416181FA328350:2
41F57A290C30B9C050B0A7E967359A2ECC1:12
42D61CB592A5A23CD751DCF4010214A5DBD:2
42FC1BA3CD21F32A0B2F000FFF95FEA20C3:1
42FD15F5D98AF1782CA8740718AE903EE04:2
4336869EF4FC7C2ABFF2677405EE39D2033:3
43599752154A5743BE4AF79693A48782E42:2
439A191AE495078FC5DF3E9089CE8AEF73C:2
43D8CB130FB54B0C54EF5D20D189004C7FE:3
43DD8B1A85F921DF705EC0E975C450B3519:1
43E428540BA3AF9B4B3BE7CAE33CE07F918:2
447BDFD36C0A509AEB9F8582BB91B3CA01C:2
448851CC8FF17AB5CEBC7432578B5B0B28E:23
45A62A351286BDE27CF419EEFB0A1F98484:1
45C14042393BCDE7D6435FD6063C192E29E:8
460A4176D5AF494339C2D7CE7D8E406DB69:3
460B7F9A5C1DF237723D1994FE363C5139C:1
46BA34047153F2A84BE7DDB0DA6802DA95F:3
48355F57476950309A95143121336CCEF3C:1
48F686DDB79483243C44D871165A126C9CE:3
49E5881C81713DE5C69AC25192BEDA8BA97:2
4A83343D83B933C147745AD33870918F37C:2
4A8833E1C20CB8A660B9231CAB650928B5C:2
4AD01D9A8FE72482A5635614BE69DFFE14F:12
4ADD39BE8882347B9097C60AD825938DB56:1
4AE9B274FB939DAEEB5331707A9FC76114D:1
4B28F5F2D485B36D0859D1B1F2CF69FB932:1
4C8692388D61714295269EF78D51FB46264:2
4CE7430306D1F5B89F335B92F210E5AC406:2
4D8579E8D356271925EC928C2381CF6F3BC:1
4D8A516A9EF5857B33DC7A9B1DCDE9E50C6:2
4EFA8F801015A9D1FD7239B7548A543676A:4
4F0C2C046599E94F42DB1C797651B755090:1
4FB6AC61870C9B49A2DBD9AE46DDF309BA6:4
509151CDDEEB8F7B6B1EA2E082B41171BF6:3
5195D5B7A4AF75BCCF8860E8549074AD334:2
51A20AC2CDC2B21B7D4FBF3FA58B23F90B9:1
51F8CCFE482125309CEA11F015EA9EC4E35:2
51F97919CEB227B86E16A3B4676C445E0E4:4
520E5849D0F115F16131D86E96BB5105961:4
522DAB563EE748E5EFA3211D36DF1178340:2
52B5EEA356C2A15752F70D9F4DB8FC7599C:1
52CA994A15D09BB8775BAC9E55911658602:1
5312DB8A03EA1676CDF7CF21F6A288EE8BC:1
53E3B5568F559C57CFADB50E50E04A0761D:1
53F7D8DB32C01F719F0990D2EF1F9677DF6:1
54577BA785F1417B454EFE0A9C911B486F4:4
54DC605E872B3B8F22325DFF9996EBCB8CD:4
54F6792919414A31C99C24FA3F669348B8B:12
551A9B9309B228F0F2BB81CE1F725D6C02F:3
5598FAD4624F259402B8933BD83198AA450:1
559BD9E372CE818194D1207012C106812E9:1
563598ED4D1413ED924985B275D9F958469:4
56C7BC5BA2B6889ED6B771595A666B2692E:2
570EDCE0AA181A3A5976F127C5C28BF23C3:2
571791E207ACA1378E1163DE66C069727DE:2
579098D4C83ABE93105B36AC2994E9862A5:1
57BDB38234962CD5B8F1125613F28C21916:1
583AFA4EA0248B22F215588A3F032B18CCB:3
5982E8CEE6D54BFD315DF8E85A255DAB011:1
5A433C53B91ABDDE2BC2D95EDA9C46E99BC:2
5A5E524E53B2534330CB548F92EDC6597A8:1
5AB48307813B58786BB56D554122FD736E0:4
5AE2165F45121C6100208279E50F25F98E4:5
5B28EB94A7B14A18818421259DA0750E104:2
5BFE17E4454FAC7C0BE091E12C45B3DEB07:5
5C0D7E4B4AE84A2C9A4204BBB7D07B7D02F:1
5C49B8636780B5330958C68A764EBF15A05:1
5C9461DBF11B5D3F94C3A69EB2BCAD646F4:1
5EE86D10CA35077F1A7A6182700C138AB2D:2
5FC9B752011B07BE56AF1CF2EFDE21E9DA3:1
603F3FD038B78E33CA5D6E2ED4A9F434966:2
6165502B26AB53F2655A90EFAD2577058AA:1
6191657AC17C089CE932A94EFD1ECE433FB:1
61D2C1F2DAEDDBA5EF6C8D52ED19FF9B00D:1
626DD26904C3009A3D8E4EFD0FD8533F59D:1
635736D5CF0ACFF582E558877CE7CA6833D:2
63B19A26FC563C85F09B8B6DD70ADE41F81:1
63CB0F974FCD343BD0BB4F596846531545A:6
63D3EA64D74F64DE6BD767811187115E7FE:13
646B64530F4C5243B6B32BA997DA299E695:2
64ABAE8005EBD720DAE72B7704B8FE6ED1A:2
65053655C5F8A553CFAFD46C91CFE77F5A5:1
65BA364022EFE4065ECC9C4E6E94A0A2650:4
660E48C9CE82E17CE1E9953CEF5D7AB7FD1:1
66A83298F5C293E393B1394E78DE476C314:5
66AC85550A2E6EB5457E815854EDFBB286A:2
66ADAB62868D580ABB1BCA5CFAA90E60B64:1
66BFD5A8290B439D9D4EEFF8772E50C1F80:2
66EC4FCF3203A609B0221C3A576CFE8546D:31
678719702D85D934FE6923E28F53BD8BC76:2
681DC4EAD560D59C9889F3CBA56FCB594AF:2
6854F2B42C819DC2E5E940AA1E3EB6136CE:5
6896E363DCEB56BB1A954CD48FC4DEC2992:9
68A8C90D6DB9B0DF1B2537313A1201790FA:2
690CD19DF884D491C24D48133540C308B21:4
6926FFF61DDD0F230D28A548412088C4E8C:2
699C914326BD83914CE5084ECAC7FCDCF4B:5
6A90A22AD0EF398B8F6D31F783E34656D0E:5
6A96FD7603667182363D350A628D43ECB4C:83
6AE378F1861A35F32030AA5E8984B373E2E:4
6B2DDB44C8617D829B9C9D0F4034FA9BCD6:1
6BC3930F8408DFEC9998A914DCA41021B8D:3
6C22F790E6D536104D3449B620BF3C2C23F:2
6C4C7FEACFA70C852929E00FD5A8B2472D7:3
6C5EF546C776B4F503E14ACDAC75830986C:2
6CDB3B459C8E18BBE355C23D40EEE0A6971:2
6CF8031165682107240C87D2D31A4FEC4DF:1
6D960080AF7D35DF0CFA6C1F569D860D9C6:1
6DA23DAE4783A75818C81F4CF38332379D2:1
6DE81A152B9E3B7EB70FE6CC5E731DFC24C:2
6EAECD2D9C263AC98AB0BA919363B9B3846:2
6F0957BC7AC0BBECE38A5EA78A7BF53A82B:2
70B2B789E065A39C2480CD9F1239389893C:11
710535823694CD6B4843BA142672222A01D:1
7181FCF980B501EA2D69EAF1D5C09850448:5
718345D8F72BBC2B71886AD273DFAE04557:3
7188FF2C34D6FB39ECE42AAB551C1BE0ED4:22
72284A7F1E409A839285614DB87DCD22024:3
729B8A49EFCA0018F29F91C457B731D3CDC:4
731CED628E3B7676EBD4DA41BAA8512BECE:9
73BA86F17D18B565A9DFE29C5402CBA1D5C:3
74527D0F85ED78AA89497984A665D7172F6:1
745E0BE41FCFFB786A194422D8F2E9B4C83:3
74FBD29470F7530100304B9F2F22C8B3C83:1
74FDA422CA46C6F3FDE836365FD16DA1351:1
75C1821BA74EBF17161D00D032321B2F913:3
75EFA8A1C8316DA79D1D86D1757389E6392:1
7687B79E3C071DF9792C583EF08DA823528:2
769A84BE2AE7668FF932EB727320A62975C:2
76DD568C663BA6786E9665AF77BE6415185:2
77964622E615583FF67CDFF2B6EDD1E9A4A:1
78034B80FDD42B1C1438E7F958594FB5F34:2
7809D750FCC29D1116BA3C1A35EBF0C73AE:2
78176CED1E4092A097FC7B0241E91DD666A:2
78BCBC7D6239DCC28A138CE6F26B44CE5A6:3
78BF100F45D0132A2B9008F50C09F48705C:3
78D2E9B749A902004C15F01FEAF7D8C9AF5:9
7A070846E117CF830C864A27F3CA9BDE62A:3
7A36E2B3BCDEDFE47F705A508C4539F40EB:1
7A55854841589036FC28D107667E24476B5:2
7A82556C344324258BD55136FE39BF59F87:5
7B4CAAFE1A3AEF1E299543915C37E2D2F31:12
7C3C044C4D8E36C1C4953878619FB76B5EF:3
7D72FA16585B324D4A908BC522F3D308B82:1
7D758D306965A5FDCE4F31A8325D14A3E0E:1
7E403C9C549CF817F8CEFB11AD051E5E58D:2
7E434037F9FFCE0294DB6C1525D386ADB8E:3
7F5F537F26924EDFF67B222A48EF2B220F5:2
7F64F9AEABF78CBEBC85904BF39A9588B93:2
7FC7200CAA9680B4FC9CFD012FE9DAEBC19:7
80312E5E5031DDA51F8CCF50732A9A9B69C:1
8120C73EE876A7C6FE5546C2A5ED0E4165F:4
816D4C1ADE2E7313045482FFB3FCD595EFF:2
81778A35ECBC7F91E2A17DBDC6B7F1C2D06:2
817A96E7BA73CED8B6D1DC7BDF8AA57FA0D:2
818C4F34C83AA7DF33A821232CB6AB9B4AC:1
819FD309A883D26AF5B2A594FBBC119284A:2
8209B5DFF81BD2BB17030953DEDC51D4D90:1
82BBB295DF09EAF877D108F1E3903939147:1
83097556550B6B5CD212183E03037C44093:1
83956DECD3E61AED86DF0106FCB4A4E3456:1
8421CA4BE013180B99AE8013293FE5E8715:11
850976966D3D8CE8CB9124DDEC66C49B505:1
850EFF1E4A611665A73872E9F471562A73A:3
85D5961B9118F8ECE6DB12ADB70651551DE:1
85D8F340E61B06D3F0CFD7D70E5BEF0975F:2
863C32DC7443B71569BBFCB99FD7D4D5159:1
8644D19D83274947F7AC864FF7A08C5FF17:12
8666A77AD125FEBA42F1893D29E2095E3AE:6
87600314B1735526A410CA6551BABA728B5:1
87FD750D2BA5B9E3A4720933D0C050A4212:1
8861698F85D8A405AF43E6BC2589B294627:4
88755ECEA2D3D62830FD4F39FA2AEA0F832:3
89872A1F22EF28F0B7F1B182703ED7623F5:1
8A50194021295124C7FA6FECC9854F582C7:1
8A667A6091E3A87A77D391D62E2C5A1E701:3
8A7867FF479DBB447350AB1B2102824A16B:3
8A90AA499A5D9C6F690B2F83B42EA1766A5:1
8ABDB57E14A3B4E46142A6624D5E1F1DB3C:1
8B1E9A35DBDFDB02CB69A4C316B85CE71ED:3
8B56C9EA03E80EBFFA02A5203FD2814A17D:1
8D81F66D87C5A17769B5769347B23EC32D1:3
8DE60C18D39A02D817A7C93B91AD2527A6D:2
8DFBB831CA111CD9F7DA379A5614A28262F:2
8E45FCD3AE1D3E2F7220214AF56085B6648:2
8F99C2CDBCD9AEE0CA3BFBB130849045F75:1
8FF52013DB36EA00C56E8D1313913770D65:5
901E5088359DE1579D67FEB89F62D4F0A3B:3
90937E3305C3F27EAA3B5FBE5FDAD39FCE9:1
91D6B2D6E97D547AFECD3CB441926D6E227:1
922815C4A7B64162ABD5DC80E47170CBA7E:2
946E4A5BD34F06D7D726309D630AD2472A2:2
947CE06190B2E2665791D905D0B8FC4FC76:1
9494921054D8CECA3FF2CED5F00C8056C16:2
95CA6F14E1D16F8D51FBFF90124556A803F:1
9807C10A18DA07BAD742FE2463E4CC6AD96:1
98CC0967FE8BD21DA38AA23D720367B0EB0:2
99F42112B3BA9AD83CA399E3D82CC1CED49:14
9B3C0D993A148312B2F5C3DC989B4C2E5B2:2
9B9C55FCC1A0F13EFFB95587C32BD386105:3
9BA1D1CFEC508EC357F17C268A4714E34BB:1
9C3355D78D1CAF975F0570815EF687F20D8:5
9C756C362656ECE991082B13E89670D4435:34
9C947CF885CD057A082CF6848A7EE042821:1
9CE8B7B361AC424491C585BBDA0A1B1241E:3
9CFE628491883D15284B327AF207E8E54BD:1
9D59CFAD66B0AEC3F36DCF9D781425091CD:3
9D755F1F382609F64D94B97F29DDC95E6E0:4
9DE8EB90D3D355FFA3561CE31F92433C725:1
9DEAAEAAE3CE5CDE525DB28342E7D027771:1
9E7A54C34B668A394467B03DD4CC9E55245:6
9ECB085F2B9C9F731FC8344F5690F3BB1A2:1
9F4898314D7E5979FC523491BCCAA088DEF:2
9F6F3F96E67B52430DAC933C69F6D4C8838:4
9FD63D1CB5EAE32446E52AD088D37349EAC:2
A130D30B6A1D0188C0C18250A77E10F42B4:2
A20BA76AA8DB2627DC7D87018EEADA88926:2
A243D71C35CD27B6E62F13098905BBAAC5E:1
A28E93F80D7F3266A93F9909E49652F6118:1
A329D800E58CB6C6AF446F845E08A4A470E:1
A3A5583851B68E3DB120546146F255F139F:2
A3BB63EFFFEE626E0911DECB067CCAEAAFB:1
A523F002759D3FA4FE3C96CBB32B5821316:3
A671D6506CD68EF1737E51B87F72FBAE877:3
A68F69FCEB804F4B9C7EDECD532F2452A09:2
A698FA108AE17CA7AD2ABE3DEA19EA2BBB7:3
A754C63A3A9521C1CDA7AC2E3FE6BD5469A:3
A8C95DDD6EF6749B8422D40A527A33DDE92:1
A8E39B483DA2F2E874829F9E08D9E5EEDB5:1
A941A5F09FD6D0F2D545CA7BE44BFBA8A22:2
A99E2AFCCE4E5F48BC26F143B59C174F85B:4
A9A40116A76F6F962D2EE8C9961316588F5:22
AA076C09C6011142FEE3FB61B57119DADD0:6
AA7EFED073EB2AE86F84E76E6B362B07C24:2
AAD087CB6A74E0FD8F2A5C497373A4713C9:2
AAED2225ACFE44180DA4FD3FEFEEF6CF1A5:4
AB072BB88B7B1963D7EFCB591E83A3CA26F:2
AB5707209BEDE761495D1526FCAEE2EFDE6:1
AB951030BEFD46BEDF7DFD6EA28C4837097:3
AB952A4CD3952A3A2F9DD6F711AE693F061:1
AB9FECB66E6466782FF1BC0C11E76A52521:2
ABF26CF34260656D8A81D5F73DCF0360CF7:1
ABFE1C8E39D1C48BC2196FC24156022C858:1
AC16874645D2F3675A864DAB028DF399C85:2
AC9C1B87A21D556E0F0A43AA623184B7503:1
ACA0D43054308A3480584969BF5EFC47835:2
ACAB98EFD506BAE89A9A3615EA4EA27EB79:4
ACB0BBD907F0B1B7246404CC28C2B43C174:3
AD64E713ABB084329CFCF39E2F688A2AC15:1
ADE2DB4CD0D9CA73460BC4CCA59377DE286:3
AE68E1AED1C74BEA03581B4A295F576F4E9:3
AF0C84E291F2641AEC1BBE1489D4E079936:4
AF4FF8D6C95D915DBA7770CF577C76F04A0:1
AF8847CF29C9ABCA9F1D3FDFB6504AAB585:2
B025DB73E73C6EEE222DB76EE33A7FA8984:2
B02BC96981ABA225BB0B8D1E09D04E63B68:2
B064D3D0F56232739C1D9F617B968F11AED:3
B0A1C2881B8D0C7FC8F85FEC6A3F255EDA6:1
B1692640F09488CBA4EDEFE64A93E369D06:1
B17E2D9817531F8496CE7F9D10EF25E83EA:2
B200E7FCF20412511376AABBB76D3F7E5B0:4
B272BEB8ABDE6F0873B3E533742E6609651:2
B31105A21312BEDE0BFBA0571E222BBB0C0:2
B31524A75CFF8AB00120946C6DF154B7921:1
B3266E288BBBED88F0FCE883F55DB6CC9EF:3
B3316FA61616BD0BECAD20555BA904CEAFC:2
B36C7A9362683C19525049726896C83C733:1
B3BDCA49B36AD31E1386883B801C18E3D63:1
B46D239A592FBCD7A28111F4BAC4A79DFD5:11
B51FC5C3A72FF392FF5E7FE32EEBA3FDAB4:1
B5527F7A2CC83794A40C86FA17AD3A179A0:2
B5818D70D654D43E196F782E25D6E0E7B28:1
B5FAF87F91D8B96EEDC451DAD634C67D657:1
B5FE19F0D8DC3591D065232310B87461150:1
B684E34BF4BB451E50B3D9FA68CB8951567:15
B79E738AC4E13C781DE7920EEC4B4CB0170:2
B7A2F1E6DFB050DEF96F23BF937B17D41EF:1
B7A875E6DA5D76F91FEC828083E592D1945:2
B7C6C195F2770CBA0DC255AF2745860FBA9:7
B7C79E20A34A2A345A01F9C391EC3E72E64:1
B7EE1AC9170C8760B1D35778F98E1403E03:4
B7FA3B4B9C62FBD369A25E42CB951048143:2
B8144B7D56A42F845A45D31507B50B90C71:3
B84CCC6AF94ADF767451A636BE4ABC91316:1
B8EE9EDF34D59115298FE168F1FFFABF125:1
B8F37965181A0348F9C8428370B125ACC9A:14
B91BB1AC4755BD12D2828892888B35C70AB:17
B9BAEB5E327428D061925A559A1B2EF6A31:1
BAFEDB0DB008641ADA7F429E35590331C48:1
BB11D848EA99F67D9814854845BCCAABCBE:2
BC1F327D541989851D0667A9DF197C87266:3
BC2A797B0406393A6EEA484A02CACC2CB5A:1
BC6D279499ADC3941D598BB3319AA075910:1
BD081CA717B7E64571D87ED1B0C13CF0666:4
BD549087220C3EC5F09ED6E663B806BC2F3:3
BE336F021CAEAEB17F1A4CFF39A2BE68B71:1
BE77FACA1F32446EA8EEE2D5417ECC7A978:1
BFBE3185556511389B636FA625183E03CA7:1
C10AEE0BE6BE29F9057699AADF9AAC53A4A:2
C1EDCF90B09ED1A8D5D4D5FF47FAEDA5B58:7
C24A494694FA42127EB19D6F2C971DC387E:1
C24A58B97F312C95B7E1DC5C321ADCB72FC:2
C29A1094D758583F2E0363ABBFA83225FC5:1
C2A74689EC12E442B668A2BFEF732CC3C77:9
C2BD506A1B3B87B4FDCFA453D70BA3BBCE1:2
C2F9BDE77595386710866A08AA869228049:1
C301CF6991F18ABF770C8E3EBCDBAD46F94:2
C3B0FB03C01AA964669D77467F52DF96773:2
C3E216187B90B8D1DFE42C9ABD95F9952CE:2
C3EBB3BCC2470770DF45255182606D2E900:4
C47747694028235161D9DD57EF10D24E378:29
C47C80A9319796A4C59530A88FDC9ED4811:2
C63C6340EB9A7305134D1EE522CFDFED42E:2
C677CFF43A0DEC4538E9FE687BBC14D65A2:3
C6B9846C5C5DC2ABE9A8EDF506D8B2E947F:40
C944ECB8FEB49E55C45BB50BB9DCCD726C2:1
CA0A3C3CB2D7A11505FCA947F494782ADC9:1
CA7E138DE61F0B17DD8C73CAD1CBEAE8FC7:1
CB0277769AC8097AE4C88B9C63B9703B146:4
CB956342EE2ED06355D396051B35BAF98C8:2
CBA666C453DB2CE493AC351BCD0452D3BD4:1
CBB3A85890974B42612FD68F909A8D30B41:1
CBFF0686FC714B0B5C341EDEC0C60F2BF25:2
CCAA33E369ECD692FF37FE15B2307C9F2CE:1
CCB1706745004A66913A1DC7BEBC8EE8345:1
CD04CEAD9B84BDF1473F1F8B29109C0352E:4
CD09CF811A9CABBFAEFDBD1AAEC0F4A280C:2
CDA52A33CFE25B8C0C9F0FCF9AFF4DC468A:1
CEAD9247979FAF4807F203F01854C2E950D:1
CED17202E75E80A2B4446706F1E7AB6A102:31
CF6C40FAB7535E03F2868A774F121BA38F7:2
CF707D4628CC693FCF20A4C3CC2F55E4D9D:4
CF7964312726FA7B121BE1DD0074F33C1D1:11
CF874362E83B8AD11D67F19ADDE10702788:17
CFE200B817BDEF4855DBA87B7DF98C12D18:1
D000D823CD25301867EEE897448DA8DA1F3:6
D0FAB61034DAFC7FF98FF34201B8D6D66A1:1
D156E30B5F2D1D00AB094D08707DFC5E2B3:2
D2DFC95F28B7841825EEE449FA56013826B:11
D302EBC989966CE968248A3D9DE7FD690FD:3
D3DA0032F5F6711F1550DC70B4C48ACDB2E:1
D45D077E1EF1650FC11B953F8FE341F5396:1
D494F34F411B8740CE13B14584218B013B6:1
D5B8991376A4A8FFAA6F13A833688ACD999:1
D686F231F575340CD276F2024E08697585A:4
D6C696D92F7707FFE7612D7BB97CFAD8292:5
D75336E8505B17712D320729C0C9F9A47FD:8
D75FEE1AE3BC937C231038F42278A73C25E:1
D792566CD9F355A07E6C506F67E4BC11492:3
D83EEAA3E35D768F40C7023AD6D8CBE6D1B:3
D8E02636E0C1FF3150BAD09C2F3EF4A4D14:7
D9432487B9E2195E38B706F8444923DC2B2:1
D9B2BEDA1C21A18423C0E94CF7ABA5F074F:1
D9EA78437B75EC8A736C554A856CC7FB21E:46
DA5414D42E56E15732AC598BDE2C0E51FDB:11
DB9D9E2B903F9989826B3C3748E5818543C:1
DC826180E9585E2D39DAC1743F86D08A923:1
DCF16F87A8706779B972A237F6733523113:6
DD8C1E0F289AE6B9AF6D6CA481FF5BE8F3C:3
DE75B9B5EA3C445B01FB634BD2933BECFC2:2
DEC8F7739642CA840028350297B13AC2FDF:3
DFF379068B3815CA9E11230CCD51B78B9D9:5
E0741ED685F83D813D54CCE32227F79B467:2
E07456C1343863DA6EF027FE6D362FDCCB9:3
E0D75E84C318A1182185A89833781D74AF2:1
E0EF1A149F45D1431B14CB189D9507777A8:1
E10C2FA385842B7C29E8F3D6F7F92F2AF10:1
E11AC52345276172AFC848847E9FB4F7B51:5
E11C2B0E4AA34C2B015498C7B925DE5122C:3
E1A4888A5F08C770134B6879E701EABFA29:7
E1BBA2AD6960BD26ACCEEA49F7BB86C1010:1
E2BCBAB50359BCB3C4055BB382EE4A3F97D:1
E2D10612BD7CBE6379E11A30D200EA8C4E5:2
E36A8168FA1B0D1144C3899D8C1B0370B6E:2
E3A1F4282E98239151E9E07E9DDAC1BC44A:4
E40113EA8CF49D9693EB767229A321B8B36:2
E4D0154E52CA3177C230035E0F4EEF7F1EA:1
E4DD975DAB5723574A985D789CFFA0A58AF:1
E6289E5AF26DE45246DE7F6FA1483D88FC0:1
E63849857B07610E4B79B89537F07EFBA1C:2
E6A04867F5C52B873A514EE308ECE905EAC:1
E6A951F9396F200413AA4AD6E701342FE6B:33
E727910B329F07B03FEF4AE57D6E82BDFF4:9
E839ABD9814732A501EFA62475D84B092B0:1
E850433AEF26FCACACF589109F232C4D56E:4
E9FDE8764B2D48B7AACE7796B7A423009E6:5
EA42426789EC3D0FA326FBE6945C34796BD:1
EA4E5FD2442AF9A8008E89AC169B0821959:4
EA6A34E9A14AB7782D4ACD278469A813EF1:1
EB3E1312830A61C474E26308468A4704C37:1
EB542AC2E6127FB52DAA80B84E3F16461D4:4
EB5662A333FB32118FEA18AB3950BEF69A2:2
EB6AB559C3DF9E3CA2D940110BC7A2FA7AA:1
EBC7C46AAF702D3D4E12851E93D1BAE9160:2
ED522B9F19F1CBD2C0B10FF5010548A944B:7
ED82399DCDD69E094566D3B85A427B4A0CD:1
EE17C8EB53AE255ADD875C18A9C439A607B:3
EEDCDEF64DAD37E06DE561CB95163FB4B59:2
EF2A4EC3408B7960B081513A59708DA227C:4
EFC49E355C5680F7CA07C5893228B9A27A1:1
F0024B022CC4BF3B0696704E55DB6648A5A:3
F07006E085E4444E331C78FA9E241B52890:1
F0857A4B3EE5B26CCAFED6223DA6D58CF39:15
F0ABBB04EC8CB0F9BE82D8157E661550CE5:5
F15ED820A7BBD1A87546D3DD3A4106D5685:1
F1E18A4704B99F002D178C007A7141BE2B8:1
F214BE5298E6B660B2A51A88929756AFBE6:1
F276F2D959F0DAA160678E53D56BB774EC1:2
F2B9735B07D5A74DB4E958BFF9194DDEA2B:2
F2E29DBD9C5701C82ED2FA8E4B1D97E041D:2
F3639B003985AA0619EC335E99044BA07C3:4
F3E4759B53D36275D91F41BD206411BA9AA:4
F4DCE54E26CDB05977CF480037FFD60863B:2
F693643858731573493F7A6F930E1185C37:5
F76A86F6912B8F9053292B74FD53B49E1DD:1
F7EDDD77C259D0EF9E807B4CCDFD27E4D56:1
F803A8EFF348A4EDCD488FB6882DCB5A62E:1
F87E3FCEC84966581652A90AA53EC897AD1:5
F88F56D3D53EA54280F5B8D72CBEF5D26CD:1
F9A5C0056F05534E9BF18E8EBBDB0D8BCE6:3
FA50430993E574DBFB5495C4BDE3DEB5876:3
FA72B0094A881AA17A49D9878D5502E8252:2
FB0A7BE83DBA2BC6FCA651B637A08FC09E2:60
FB0D2F211FC0AB94351510423F333058B2B:3
FC15B9B8F912CE834B4FF15E022F7EA5187:1
FC4896B9627E644A304AE6D1C133F7A9B39:2
FC7E63868CD223398B452E03D47D49FE6F8:1
FC8750CF6CE03F6FFF3AF377B9FFA265105:5
FC8D004092D91639343EBB4C6F8937AF600:2
FCF340F883AD4498F9266A4CDC217B36453:3
FD47C3C1A3919B3101510CDAFC19DFF3AE0:4
FDCDA8C60CE616571CE502FFF095D7A22E5:1
FE0C085140676D48B1286A383F02258638D:1
FE1F37A47987ED8161F205D17EDBB53396E:1
FE2904B18F09E663F778FC51E299D40DD33:2
FE5FEBD4E56B726108924B14213C7779641:5
FE829F2AF99ED027F1CEA962F931A784A26:3
FEC9BA2C87D52B2B02F72D779452805E3F2:1